<record><leader>00000cas a22000007a 4500</leader><controlfield tag="001">22777246</controlfield><controlfield tag="007">hd bfa---baaa</controlfield><controlfield tag="007">hd bfa---baca</controlfield><controlfield tag="008">901205c19909999mauwr nea     0    0rusod</controlfield><datafield ind1=" " ind2=" " tag="010"><subfield code="a">sn 90039740 </subfield></datafield><datafield ind1=" " ind2=" " tag="040"><subfield code="a">HMM</subfield><subfield code="b">eng</subfield><subfield code="c">HMM</subfield><subfield code="d">HUL</subfield><subfield code="d">OCLCQ</subfield></datafield><datafield ind1=" " ind2=" " tag="012"><subfield code="i">9012</subfield></datafield><datafield ind1=" " ind2=" " tag="042"><subfield code="a">msc</subfield></datafield><datafield ind1="0" ind2="0" tag="245"><subfield code="a">Soi&#65056;u&#65057;z.</subfield></datafield><datafield ind1=" " ind2=" " tag="260"><subfield code="a">Moskva :</subfield><subfield code="b">"Izvestii&#65056;a&#65057;"</subfield></datafield><datafield ind1=" " ind2=" " tag="300"><subfield code="a">volumes :</subfield><subfield code="b">illustrations ;</subfield><subfield code="c">43 cm</subfield></datafield><datafield ind1=" " ind2=" " tag="310"><subfield code="a">Weekly</subfield></datafield><datafield ind1=" " ind2=" " tag="336"><subfield code="a">text</subfield><subfield code="b">txt</subfield><subfield code="2">rdacontent</subfield></datafield><datafield ind1=" " ind2=" " tag="337"><subfield code="a">microform</subfield><subfield code="b">h</subfield><subfield code="2">rdamedia</subfield></datafield><datafield ind1=" " ind2=" " tag="338"><subfield code="a">microfilm reel</subfield><subfield code="b">hd</subfield><subfield code="2">rdacarrier</subfield></datafield><datafield ind1="1" ind2=" " tag="362"><subfield code="a">Began in 1990.</subfield></datafield><datafield ind1=" " ind2=" " tag="580"><subfield code="a">Supplement to Izvestii&#65056;a&#65057; Sovetov narodnykh deputatov SSSR.</subfield></datafield><datafield ind1=" " ind2=" " tag="588"><subfield code="a">Description based on: 1990, no. 2 (8-14 i&#65056;a&#65057;nv. 1990 g.).</subfield></datafield><datafield ind1=" " ind2=" " tag="533"><subfield code="a">Microfilm.</subfield><subfield code="b">Cambridge, Mass. :</subfield><subfield code="c">Harvard University Library Microreproduction Service,</subfield><subfield code="d">1990-</subfield><subfield code="e">microfilm reels : negative ; 35 mm.</subfield></datafield><datafield ind1="1" ind2=" " tag="772"><subfield code="t">Izvestii&#65056;a&#65057; Sovetov narodnykh deputatov SSSR</subfield><subfield code="w">(DLC)sn 86026177</subfield><subfield code="w">(OCoLC)7970736</subfield></datafield><datafield ind1=" " ind2=" " tag="850"><subfield code="a">MH (master)</subfield><subfield code="a">MH</subfield></datafield><datafield ind1="1" ind2=" " tag="029"><subfield code="a">AU@</subfield><subfield code="b">000025877591</subfield></datafield></record>